@misc{agar-si,
  author = {},
  title = "Agar",
  year = "2016",
  url = "https://en.wikipedia.org/wiki/Agar.",
  note = "Internet; dostopano 4. 1. 2017",
}

@misc{phone,
  author = {Boshell, Patrick},
  title = "Your Mobile Phone Is Dirtier Than You Think.",
  year = "2013",
  url = "http://info.debgroup.com/blog/bid/290652/your-mobile-phone-is-dirtier-than-you-think?source=Blog_Email_[Your%20Mobile%20Phone%20Is].",
  note = "Internet; dostopano 3. 1. 2017",
}

@book{bergey,
  author = {Breed, Robert S., Murray, E. G. D. in Smith, Nathan R.},
  title = "Bergey's manual of determinative bacteriology.",
  year = "1957",
  publisher = "Baltimore: The Williams \& Wilkins Company.",
}

@misc{bakterije-telo,
  author = {Gubina, Marija},
  title = "Bakterije zunaj telesa in v njem.",
  year = "2004",
  url = "https://www.revija-vita.com/vita/42/Bakterije_zunaj_telesa_in_v_njem.",
  note = "Internet; dostopano 5. 1. 2017",
}

@book{biokemija,
  author = {Habulin, Maja in Mateja, Primožič},
  title = "Biokemijska tehnika.",
  year = "2006",
  publisher = "Maribor: Univerza v Mariboru, Fakulteta za kemijo in kemijsko tehnologijo. ",
}

@misc{dezinfekcija,
  author = {},
  title = "O dezinfekciji.",
  year = "2013",
  url = "http://dezinfekcijskodrustvo.si/Dezinfekcija.html.",
  note = "Internet; dostopano 9. 1. 2017",
}

@misc{agar-eng,
  author = {},
  title = "Preparation of Agar.",
  year = "2014",
  url = "https://gluckspilze.com/3agar-1.",
  note = "Internet; dostopano 2. 1. 2017",
}

@misc{bakterije-spremljevalci,
  author = {Tomažič, Aleš},
  title = "Bakterije naši spremljevalci.",
  year = "2013",
  url = "http://clanki.kupimprodam.si/bakterije-nasi-spremljevalci/.",
  note = "Internet; dostopano  2017",
}

@misc{mikrobiologija-vaje,
  author = {Turk, Martina in Zalar, Polona},
  title = "Mikrobiologija - Vaje.",
  year = "2013",
  publisher = "Ljubljana: Oddelek za biologijo, Biotehniška fakulteta, Univerza v Ljubljani. ",
}
